@InProceedings{classeme1,
 author =    {Lorenzo Torresani and Martin Szummer and Andrew Fitzgibbon},
 title =     {Efficient Object Category Recognition using Classemes},
 booktitle = {European Conference on Computer Vision ({ECCV})},
 pages =     {776--789},
 year =      2010,
 month =     sep,
 url   =     {\url{http://research.microsoft.com/pubs/136846/TorresaniSzummerFitzgibbon-classemes-eccv10.pdf}}
}

@incollection{classeme2,
 title ={PiCoDes: Learning a Compact Code for Novel-Category Recognition},
 author={Alessandro Bergamo and Lorenzo Torresani and Andrew Fitzgibbon},
 booktitle = {Advances in Neural Information Processing Systems 24},
 editor = {J. Shawe-Taylor and R.S. Zemel and P. Bartlett and F.C.N. Pereira and K.Q. Weinberger},
 pages = {2088--2096},
 year = {2011}
}

@InProceedings{Classeme3,
 author =    {Alessandro Bergamo and Lorenzo Torresani},
 title =     {Meta-Class Features for Large-Scale Object Categorization on a Budget},
 booktitle = {Computer Vision and Pattern Recognition ({CVPR})},
 year =      2012,
 url   =     {\url{http://vlg.cs.dartmouth.edu/metaclass}}
}
